@article{DBS-024,
url = {http://dx.doi.org/10.1561/1900000024},
year = {2013},
volume = {5},
journal = {Foundations and TrendsÂ® in Databases},
title = {The Design and Implementation of Modern Column-Oriented Database Systems},
doi = {10.1561/1900000024},
issn = {1931-7883},
number = {3},
pages = {197-280},
author = {Daniel Abadi and Peter Boncz and Stavros Harizopoulos and Stratos Idreos and Samuel Madden}
}